
@comment{put your biblio here in bibtex format}




@inproceedings{bonin2012modele,
	Author = {Bonin, Olivier and Hubert, Jean-Paul and others},
	Booktitle = {49{\`e} colloque de l'ASRDLF},
	Title = {Mod{\`e}le de morphog{\'e}n{\`e}se urbaine: simulation d'espaces qualitativement diff{\'e}renci{\'e}s dans le cadre du mod{\`e}le de l'{\'e}conomie urbaine},
	Year = {2012}}




@article{moudon1997urban,
	Author = {Moudon, Anne Vernez},
	Journal = {Urban morphology},
	Number = {1},
	Pages = {3--10},
	Title = {Urban morphology as an emerging interdisciplinary field},
	Volume = {1},
	Year = {1997}}


@article{burke1972dublin,
	Author = {Burke, Nuala T},
	Title = {Dublin 1600-1800: a study in urban morphogenesis},
	Year = {1972}}


@article{olsen1982urban,
	Author = {Olsen, Sherry},
	Journal = {Urban Geography},
	Number = {2},
	Pages = {87--109},
	Title = {Urban metabolism and morphogenesis},
	Volume = {3},
	Year = {1982}}

